
@online{stop,
  author = {Lutz Prechelt},
  title = {Early Stopping - but when?}
}

@online{bishop,
 	author = {Christopher M. Bishop},
	title = {Neural Networks for Pattern Recognition }
}